@article{gg05,
  author = {Grodner, Daniel and Gibson, Edward},
  title = {Consequences of the Serial Nature of Linguistic Input for Sentenial Complexity},
  journal = {Cognitive Science},
  volume = {29},
  number = {2},
  publisher = {Lawrence Erlbaum Associates, Inc.},
  pages = {261--290},
  year = {2005},
}

@article{Engelmann2013,
  author = {Engelmann, Felix and Vasishth, Shravan and Engbert, Ralf and Kliegl, Reinhold},
  title = {A Framework for Modeling the Interaction of Syntactic Processing and Eye Movement Control},
  journal = {Topics in Cognitive Science},
  volume = {5},
  number = {3},
  pages = {452--474},
  year = {2013},
}

@article{bartek11,
  author = {Bartek, Brian and Lewis, Richard L. and Vasishth, Shravan and Smith, Mason R.},
  title = {In Search of On-Line Locality Effects in Sentence Comprehension},
  journal = {Journal of Experimental Psychology: Learning, Memory, and Cognition},
  volume = {37},
  number = {5},
  pages = {1178--1198},
  year = {2011}
}

@article{LV05,
  author = {Lewis, Richard L. and Vasishth, Shravan},
  title = {An Activation-Based Model of Sentence Processing as Skilled Memory Retrieval},
  journal = {Cognitive Science},
  volume = {29},
  number = {3},
  pages = {375--419},
  year = {2005},
}

@article{Salvucci01,
  title = {An integrated model of eye movements and visual encoding},
  journal = {Journal of Cognitive Systems Research},
  volume = {1},
  number = {4},
  pages = {201--220},
  year = {2001},
  author = {Dario D Salvucci},
}

@article{RobertsPashler2000,
  title = {How persuasive is a good fit?},
  author = {Roberts, Seth and Pashler, Harold},
  journal = {Psychological Review},
  volume = {107},
  number = {2},
  pages = {358--367},
  year = {2000},
}

@article{actr6,
  title = {An integrated theory of the mind},
  author = {Anderson, John R. and Bothell, Daniel and Byrne, Michael D. and Douglass, Scott and Lebiere, Christian and Qin, Yulin},
  journal = {Psychological Review},
  volume = {111},
  number = {4},
  pages = {1036--1060},
  year = {2004},
}

@manual{Rcore,
  title = {R: A Language and Environment for Statistical Computing},
  author = {{R Core Team}},
  organization = {R Foundation for Statistical Computing},
  address = {Vienna, Austria},
  year = {2013},
}

@article{Hughes1997,
    title = {Models and Representation},
    author = {Hughes, Richard I. G.},
    journal = {Philosophy of {Science}},
    year = {1997},
    pages = {325--336},
}
